@book{Scambray00,
 author = {Scambray, Joel and McClure, Stuart},
 title = {Hacking Windows Exposed: Windows Security Secrets & Solutions},
 year = {2008},
 isbn = {978-0-07-149426-7},
 edition = {3rd},
 publisher = {McGraw-Hill Professional}
} 

@book{Kozierok05,
 author = {Kozierok, Charles},
 title = {The TCP/IP Guide: A Comprehensive, Illustrated Internet Protocols Reference},
 year = {2005},
 isbn = {159327047X, 9781593270476},
 publisher = {No Starch Press},
 address = {San Francisco, CA, USA}
} 


@misc{urlCiteVilar2013,
  author = {José Antonio Vilar},
  title = {History of Concurrent Programming},
  howpublished = "\url{http://joseantoniovilar.com/2013/07/ssl-en-apache2-y-ubuntu-en-unos-pocos-pasos/}", 
  year = {2013}, 
  note = "[Generar los certificados SSL]"
}


%lopez-msc --> Lopez03
@mastersthesis{Lopez03,
   author = "L\'opez-Pimentel, Juan Carlos",
   title = "Verificaci\'on Formal de Protocolos de Seguridad en {HOL} a partir del M\'etodo Inductivo",
   school = "Tecnol\'ogico de Monterrey, Campus Estado de M\'exico",
   year = "2003"
}

%JCLP05 --> Lopez05
@PhdThesis{Lopez05,
 author = "L\'opez-Pimentel, Juan Carlos",
 title = "On the Automated Correction of Faulty Security Protocols",
 year = "2005",
 school = "Tecnol\'ogico de Monterrey, Campus Estado de M\'exico"
 }


@phdthesis{herzogphd04,
  author = 	 {Jonathan Herzog},
  title = 	 {Computational Soundness for Standard Assumptions of Formal Cryptography},
  school = 	 {Massachusetts Institute of Technology},
  year = 	 2004,
  month =	 {May},
  url = {citeseer.ist.psu.edu/herzog04computational.html} }



@inproceedings{Golddreich97,
 author = {Oded Goldreich},
 title = {On the Foundations of Modern Cryptography},
 booktitle = {CRYPTO '97: Proceedings of the 17th Annual International Cryptology Conference on Advances in Cryptology},
 year = {1997},
 isbn = {3-540-63384-7},
 pages = {46--74},
 publisher = {Springer-Verlag},
 address = {London, UK}
 }

@article{HILM99,
 author = "HAAstad, J.  and Impagliazzo, R. and Levin, L. and Luby, M.",
 title = {A Pseudorandom Generator from any One-way Function},
 journal = {SIAM J. Comput.},
 volume = {28},
 number = {4},
 year = {1999},
 issn = {0097-5397},
 pages = {1364--1396},
 doi = {http://dx.doi.org/10.1137/S0097539793244708},
 publisher = {Society for Industrial and Applied Mathematics},
 address = {Philadelphia, PA, USA}
 }




%DolevYao81 --> DY83
@techreport{DY83,
    author = "Dolev, D. and Yao, A. C.",
    title = "On the security of public key protocols",
    journal   = "IEEE Transactions on Information Theory",
    volume    = "29",
    number    = "2",
    year      = "1983",
    pages     = "198-207",
    institution = "Stanford University",
    address = "Stanford, CA, USA"
 }





%lowe97family --> Lowe97b
@techreport{Lowe97b,
    author = "Lowe, Gavin",
    title = "A family of attacks upon authentication protocols",
    pages = "11",
    year = "1997",
    number = "1997/5",
    institution = "Department of Mathematics and Computer Science, University of Leicester",
    url = {citeseer.ist.psu.edu/lowe97family.html}
}



@PhdThesis{Monroy98,
 author = "Monroy Borja, Ra\'ul",
 title = "Planning Proofs of Correctness of CCS Systems",
 year = "1998",
 school = "University of Edinburgh"
 }





%PaulsonIsabelle --> Paulson94
@book{Paulson94,
   author = "Paulson, L. C.",
   title = "Isabelle: a {G}eneric {T}heorem {P}rover",
   year = 1994,
   publisher = "Springer-Verlag"
}



@article{PQ03,
 author = "Pereira, O. and Quisquater, J.J.",
 title = "Some attacks upon authenticated group key agreement protocols",
 journal = "J. Comput. Secur.",
 volume = "11",
 number = "4",
 year = "2003",
 issn = "0926-227X",
 pages = "555--580",
 publisher = "IOS Press",
 address = "Amsterdam, The Netherlands, The Netherlands",
 }



%Modelling01 --> RSGLR01
@book{RSGLR01,
    author = "Ryan, P. and Schneider, S. and Goldsmith. M. H. and Lowe, G. and Roscoe, A. W.",
    title = "Modelling and Analysis of Security Protocols",
    year = "2001",
    isbn = "0-201-67471-8",
    editor = "Addison Wesley",
    pages = "300"
 }


%STEEL02 --> SBD02
@InProceedings{SBD02,
    author = "Steel, G. and Bundy, A. and Denney, E.",	  
    title = "Finding Counterexamples to Inductive Conjectures and Discovering Security Protocol Attacks",
    booktitle = "Proceedings of the Foundations of Computer Security Workshop",
    journal = "The AISB Journal",
    volume = "1",
    year= "2002",
    pages  = "81-90",
    note = "Appeared in Proceedings of The Verify'02 Workshop as well. Also available as Informatics Research Report EDI-INF-RR-0141"
}


@InProceedings{PS00,
   author = "Perrig, A. and Song D.",
   title = "Looking for Diamonds in the Desert --- Extending Automatic Protocol Generation to Three-Party Authentication and Key Agreement Protocols",
   booktitle = "Proceedings of the 13th IEEE Computer Security Foundations Workshop (CSFW'00)",
   pages = "64-76",
   publisher = "IEEE Computer Society Press",
   year = 2000
}


@inproceedings{Schneider97,
    author  = "Schneider, Steve",
    title   = "Verifying authentication protocols with CSP",
    booktitle = "{CSFW '97:} Proceedings of the 10th Computer Security Foundations Workshop",
    year = "1997",
    isbn = "0-8186-7990-5",   
    pages = "3-17",
    publisher = "IEEE Computer Society Press",
    address = "Washington, DC, USA",
}


@article{Schneider98,
    author  = "Schneider, Steve",
    title   = "Verifying authentication protocols in CSP",
    journal = "IEEE Trans. Software Eng.",
    volume  = "24",
    number  = "9",
    year = 1998,
    pages = "741-758",
    issn = "0098-5589",
    publisher = "IEEE Press",
    address = "Piscataway, NJ, USA",
   bibsource = "DBLP, http://dblp.uni-trier.de"
}



%STEEL04 --> Steel04
@PhdThesis{Steel04,
    author = "Steel, Graham",
    title =  "Discovering Attacks on Security Protocols by Refuting Incorrect Inductive Conjectures",
    school = "University of Edinburgh",
    year =   "2004",
    month =  "July"
 }




@misc{xCeis,
  author = {PHPGang},
  title = {How to Login with Facebook using SDK 4.0 in PHP},
  howpublished = "\url{http://www.phpgang.com/how-to-login-with-facebook-using-sdk-4-in-php_661.html}", 
  year = {2014}, 
  note = "[Algo que poner acá]"
}




@book{BDC91,
 author = "Franz, Baader and Tobias, Nipkow",
 title = "Term rewriting and all that",
 year = "1998",
 isbn = "0-521-45520-0",
 publisher = "Cambridge University Press",
 address = "New York, NY, USA"
 }
